<record><leader>00000cas a22000007a 4500</leader><controlfield tag="001">21186687</controlfield><controlfield tag="008">900308d18831885couwr ne      0    0eng d</controlfield><datafield ind1=" " ind2=" " tag="010"><subfield code="a">sn 90051120 </subfield></datafield><datafield ind1=" " ind2=" " tag="040"><subfield code="a">CNQ</subfield><subfield code="b">eng</subfield><subfield code="c">CNQ</subfield><subfield code="d">OCLCQ</subfield></datafield><datafield ind1=" " ind2=" " tag="042"><subfield code="a">msc</subfield></datafield><datafield ind1="0" ind2=" " tag="130"><subfield code="a">Commercial standard (Pueblo, Colo. : 1883)</subfield></datafield><datafield ind1="1" ind2="0" tag="245"><subfield code="a">Commercial standard.</subfield></datafield><datafield ind1=" " ind2=" " tag="260"><subfield code="a">Pueblo, Colo. :</subfield><subfield code="b">[Chas. W. Bowman]</subfield></datafield><datafield ind1=" " ind2=" " tag="300"><subfield code="a">v.</subfield></datafield><datafield ind1=" " ind2=" " tag="310"><subfield code="a">Weekly</subfield></datafield><datafield ind1="0" ind2=" " tag="362"><subfield code="a">Vol. 1, no. 37 (Mar. 31, 1883)-</subfield></datafield><datafield ind1="1" ind2=" " tag="362"><subfield code="a">Ceased in Mar., 1885.</subfield></datafield><datafield ind1=" " ind2=" " tag="530"><subfield code="a">Available on microfilm from the Colorado Historical Society.</subfield></datafield><datafield ind1=" " ind2=" " tag="752"><subfield code="a">United States</subfield><subfield code="b">Colorado</subfield><subfield code="c">Pueblo</subfield><subfield code="d">Pueblo.</subfield></datafield><datafield ind1="0" ind2="0" tag="780"><subfield code="t">Pueblo weekly commercial standard</subfield><subfield code="w">(DLC)sn 85067368</subfield></datafield><datafield ind1="0" ind2="0" tag="785"><subfield code="t">Colorado live stock review and commercial standard</subfield><subfield code="w">(DLC)sn 86066888</subfield></datafield></record>